<record><leader>00000cas a22000007a 4500</leader><controlfield tag="001">35964566</controlfield><controlfield tag="008">961120d19331954vauwr ne      0    0eng d</controlfield><datafield ind1=" " ind2=" " tag="010"><subfield code="a">sn 96096654 </subfield></datafield><datafield ind1=" " ind2=" " tag="040"><subfield code="a">NVK</subfield><subfield code="b">eng</subfield><subfield code="c">NVK</subfield><subfield code="d">OCL</subfield><subfield code="d">OCLCQ</subfield><subfield code="d">OCLCF</subfield><subfield code="d">OCLCO</subfield></datafield><datafield ind1="1" ind2=" " tag="029"><subfield code="a">AU@</subfield><subfield code="b">000025924080</subfield></datafield><datafield ind1=" " ind2=" " tag="042"><subfield code="a">msc</subfield></datafield><datafield ind1=" " ind2=" " tag="043"><subfield code="a">n-us-va</subfield></datafield><datafield ind1="0" ind2=" " tag="130"><subfield code="a">Tiger (Hampden-Sydney, Va. : 1933)</subfield></datafield><datafield ind1="1" ind2="4" tag="245"><subfield code="a">The Tiger.</subfield></datafield><datafield ind1="1" ind2="3" tag="246"><subfield code="a">Hampden-Sydney tiger</subfield></datafield><datafield ind1=" " ind2=" " tag="260"><subfield code="a">Hampden-Sydney, Va. :</subfield><subfield code="b">Hampden-Sydney College,</subfield><subfield code="c">1933-1954.</subfield></datafield><datafield ind1=" " ind2=" " tag="300"><subfield code="a">v.</subfield></datafield><datafield ind1=" " ind2=" " tag="310"><subfield code="a">Weekly (During college year)</subfield></datafield><datafield ind1="0" ind2=" " tag="362"><subfield code="a">Vol. 14, no. 1 (Sept. 18, 1933)-v. 33, no. 20 (May 14, 1954).</subfield></datafield><datafield ind1=" " ind2=" " tag="500"><subfield code="a">College paper.</subfield></datafield><datafield ind1=" " ind2=" " tag="530"><subfield code="a">Availabe on microfilm from Image Max.</subfield></datafield><datafield ind1=" " ind2=" " tag="550"><subfield code="a">Official organ of Hampden-Sydney student body.</subfield></datafield><datafield ind1="2" ind2="0" tag="610"><subfield code="a">Hampden-Sydney College</subfield><subfield code="v">Newspapers.</subfield></datafield><datafield ind1=" " ind2="0" tag="651"><subfield code="a">Hampden-Sydney (Va.)</subfield><subfield code="v">Newspapers.</subfield></datafield><datafield ind1=" " ind2="7" tag="655"><subfield code="a">Newspapers.</subfield><subfield code="2">fast</subfield><subfield code="0">(OCoLC)fst01423814</subfield></datafield><datafield ind1="2" ind2="7" tag="610"><subfield code="a">Hampden-Sydney College.</subfield><subfield code="2">fast</subfield><subfield code="0">(OCoLC)fst00596073</subfield></datafield><datafield ind1=" " ind2="7" tag="651"><subfield code="a">Virginia</subfield><subfield code="z">Hampden-Sydney.</subfield><subfield code="2">fast</subfield><subfield code="0">(OCoLC)fst01246435</subfield></datafield><datafield ind1="2" ind2=" " tag="710"><subfield code="a">Hampden-Sydney College.</subfield></datafield><datafield ind1=" " ind2=" " tag="752"><subfield code="a">United States</subfield><subfield code="b">Virginia</subfield><subfield code="c">Prince Edward</subfield><subfield code="d">Hampden-Sydney.</subfield></datafield><datafield ind1="0" ind2="0" tag="780"><subfield code="t">Hampden-Sidney tiger</subfield><subfield code="w">(DLC)sn 98068323</subfield></datafield><datafield ind1="0" ind2="0" tag="785"><subfield code="t">Hampden-Sydney tiger (Hampden-Sydney, Va. : 1954)</subfield><subfield code="w">(DLC)sn 99066911</subfield></datafield></record>